<record><leader>00000cas a22000007a 4500</leader><controlfield tag="001">18320058</controlfield><controlfield tag="008">880808d18861891maumr ne      0    0eng d</controlfield><datafield ind1=" " ind2=" " tag="010"><subfield code="a">sn 88084013 </subfield></datafield><datafield ind1=" " ind2=" " tag="040"><subfield code="a">PPM</subfield><subfield code="b">eng</subfield><subfield code="c">PPM</subfield><subfield code="d">MGN</subfield><subfield code="d">EYM</subfield><subfield code="d">MGN</subfield><subfield code="d">OCLCQ</subfield></datafield><datafield ind1=" " ind2=" " tag="042"><subfield code="a">msc</subfield></datafield><datafield ind1=" " ind2=" " tag="090"><subfield code="a">AN23.B7</subfield><subfield code="b">A44</subfield></datafield><datafield ind1="0" ind2=" " tag="130"><subfield code="a">American spectator (Boston, Mass. : 1886)</subfield></datafield><datafield ind1="1" ind2="0" tag="245"><subfield code="a">American spectator.</subfield></datafield><datafield ind1=" " ind2=" " tag="260"><subfield code="a">Boston, Mass. :</subfield><subfield code="b">American Spectator Pub. Co.</subfield></datafield><datafield ind1=" " ind2=" " tag="300"><subfield code="a">v.</subfield></datafield><datafield ind1=" " ind2=" " tag="310"><subfield code="a">Monthly</subfield></datafield><datafield ind1="0" ind2=" " tag="362"><subfield code="a">Vol. 1, no. 1 (Aug. 1, 1886)-</subfield></datafield><datafield ind1="1" ind2=" " tag="362"><subfield code="a">Ceased with Feb. 1891?</subfield></datafield><datafield ind1=" " ind2=" " tag="500"><subfield code="a">"A monthly journal devoted to the interests of the home."</subfield></datafield><datafield ind1=" " ind2=" " tag="500"><subfield code="a">Publisher varies: &lt;1890-&gt; Arena Pub. Co.</subfield></datafield><datafield ind1=" " ind2=" " tag="500"><subfield code="a">Editor: R.C. Flowers.</subfield></datafield><datafield ind1=" " ind2=" " tag="515"><subfield code="a">Vol 4, no. 1 repeated in numbering.</subfield></datafield><datafield ind1=" " ind2=" " tag="515"><subfield code="a">Suspended Sept. 1889-Sept. 1890.</subfield></datafield><datafield ind1=" " ind2=" " tag="752"><subfield code="a">United States</subfield><subfield code="b">Massachusetts</subfield><subfield code="c">Suffolk</subfield><subfield code="d">Boston.</subfield></datafield><datafield ind1=" " ind2=" " tag="850"><subfield code="a">MiU</subfield></datafield></record>